\bibitem{1}
B. Awerbuch, A. Richa, and C. Scheideler.
\newblock A jamming-resistant MAC protocol for single-hop wireless networks.
\newblock In {\em In Proc. 27th ACM Symp. on Principles of Distributed Computing}, pp. 45–54, 2008.


\bibitem{2}
J. Brunekreef, J.-P. Katoen, R. Koymans, and S. Mauw.
\newblock Design and analysis of dynamic leader election protocols in broadcast networks.
\newblock {\em Distributed Computing}, 9(4):157–171, 1996.

\bibitem{3}
O. Dagdeviren and K. Erciyes.
\newblock A hierarchical leader election protocol for mobile ad hoc networks.
\newblock {\em In Proc. 8th Int’l Conf. on Computational Science, LNCS 5101}, pp. 509–518, 2008.

\bibitem{4}
A. Derhab and N. Badache.
\newblock A self-stabilizing leader election algorithm in highly dynamic ad hoc mobile networks.
\newblock {\em IEEE Trans. on Parallel and Distributed Systems}, 19(7):926–939, 2008.

\bibitem{5}
C. Fetzer and F. Cristian.
\newblock A highly available local leader election service.
\newblock {\em IEEE Trans. on Software Engineering}, , 25(5):603–618, 1999.

\bibitem{6}
E. Gafni and D. Bertsekas.
\newblock Distributed algorithms for generating loop-free routes in networks with frequently changing topology.
\newblock {\em IEEE Trans. on Communications}, C-29(1):11–18, 1981.

\bibitem{7}
Z. Haas.
\newblock  A new routing protocol for the reconfigurable wireless networks.
\newblock In {\em Proc. 6th IEEE Int’l Conf. on Universal Personal Comm.}, pp. 562–566, 1997.

\bibitem{8}
S. Han and Y. Xia.
\newblock  Optimal leader election scheme for peer-to-peer applications.
\newblock In {\em Proc. 6th Int’l. Conf. on Networking}, page 29, 2007.

\bibitem{9}
K. Hatzis, G. Pentaris, P. Spirakis, V. Tampakis, and R. Tan.
\newblock  Fundamental control algorithms in mobile networks.
\newblock In {\em Proc. 11th ACM Symp. on Parallel Algorithms and Architectures}, pp. 251–260, 1999.

\bibitem{10}
K. Hatzis, G. Pentaris, P. Spirakis, V. Tampakis, and R. Tan.
\newblock  Fundamental control algorithms in mobile networks.
\newblock In {\em Proc. 11th ACM Symp. on Parallel Algorithms and Architectures}, pp. 251–260, 1999.

\bibitem{11}
R. Ingram, P. Shields, J. Walter, and J. Welch.
\newblock An Asynchronous Leader Election Algorithm for Dynamic Networks. Technical Report 2009-1-1, Department of Computer Science and Engineering, Texas.

\bibitem{12}
L. Lamport.
\newblock  Time, Clocks, and the Ordering of Events in a Distributed System.
\newblock In {\em Communications of the ACM}, p.558, July 1978, Volume 21, Number 7.


\bibitem{13}
N. Malpani, J. Welch, and N. Vaidya.
\newblock  Leader election algorithms for mobile ad hoc networks.
\newblock In {\em Proc.ACM DIAL-M Workshop}, pp. 96–104, 2000.

\bibitem{14}
B. Mans and N. Santoro.
\newblock  Optimal Elections in Faulty Loop Networks and Applications.
\newblock {\em IEEE Trans. on Computers}, 47(3):286–297, 1998.

\bibitem{15}
S. Masum, A. Ali, and M. Bhuiyan.
\newblock  Asynchronous leader election in mobile ad hoc networks.
\newblock In {\em Proc. Int’l Conf. on Advanced Information Networking and Applications}, pp. 29–34, 2006.

\bibitem{16}
Y. Pan and G. Singh.
\newblock A fault-tolerant protocol for election in chordal-ring networks with fail-stop processor failures.
\newblock {\em IEEE Trans. on Reliability}, 46(1):11–17, 1997.

\bibitem{17}
V. Park and M. S. Corson.
\newblock A highly adaptive distributed routing algorithm for mobile wireless networks.
\newblock In {\em Proc. INFOCOM ’97}, pp. 1405–1413, 1997.

\bibitem{18}
P. Parvathipuram, V. Kumar, and G.-C. Yang.
\newblock An efficient leader election algorithm for mobile ad hoc networks.
\newblock In {\em Proc. 1st Int’l Conf. on Dist. Computing and Internet Technology, LNCS 3347}, pp. 32–41, 2004.

\bibitem{19}
M. Rahman, M. Abdullah-Al-Wadud, and O. Chae.
\newblock Performance analysis of leader election algorithms in mobile ad hoc networks.
\newblock {\em Int’l J. of Computer Science and Network Security}, 8(2):257–263, 2008.

\bibitem{20}
G. Singh.
\newblock Leader Election in the Presence of Link Failures.
\newblock {\em IEEE Trans. on Parallel and Distributed Systems}, 7(3):231–236, 1996.

\bibitem{21}
S. Stoller.
\newblock Leader election in distributed systems with crash failures.
\newblock Technical Report, Department of Computer Science, Indiana University, 1997.

\bibitem{22}
G. Tel.
\newblock {\em G. Tel. Introduction to Distributed Algorithms, Second Edition.}
\newblock Cambridge University Press, 2000.

\bibitem{23}
S. Vasudevan, J. Kurose, and D. Towsley.
\newblock Design and analysis of a leader election algorithm for mobile ad hoc networks.
\newblock In {\em In Proc.IEEE Int’l Conf. on Network Protocols}, pp. 350–360, 2004.

\bibitem{24}
Y. Wang and H. Wu.
\newblock Replication-based efficient data delivery scheme for delay/fault-tolerant mobile sensor network (dft-msn).
\newblock In {\em Proc. Pervasive Computing and Communications Workshop}, p. 5, 2006.

\bibitem{25}
R. Ingram, T. Radeva, P. Shields, S. Viqar, J.-E. Walter, and J.-L. Welch.
\newblock A Leader Election Algorithm for Dynamic Networks with Causal Clocks
\newblock , 2013.

\bibitem{26}
A. Casteigts.
\newblock JBotSim: a Tool for Fast Prototyping of Distributed Algorithms in Dynamic Networks
\newblock , 2010.@book{ID,
	author = {author},
	title = {title},
	date = {date},
	OPTeditor = {editor},
	OPTeditora = {editora},
	OPTeditorb = {editorb},
	OPTeditorc = {editorc},
	OPTtranslator = {translator},
	OPTannotator = {annotator},
	OPTcommentator = {commentator},
	OPTintroduction = {introduction},
	OPTforeword = {foreword},
	OPTafterword = {afterword},
	OPTsubtitle = {subtitle},
	OPTtitleaddon = {titleaddon},
	OPTmaintitle = {maintitle},
	OPTmainsubtitle = {mainsubtitle},
	OPTmaintitleaddon = {maintitleaddon},
	OPTlanguage = {language},
	OPToriglanguage = {origlanguage},
	OPTvolume = {volume},
	OPTpart = {part},
	OPTedition = {edition},
	OPTvolumes = {volumes},
	OPTseries = {series},
	OPTnumber = {number},
	OPTnote = {note},
	OPTpublisher = {publisher},
	OPTlocation = {location},
	OPTisbn = {isbn},
	OPTchapter = {chapter},
	OPTpages = {pages},
	OPTpagetotal = {pagetotal},
	OPTaddendum = {addendum},
	OPTpubstate = {pubstate},
	OPTdoi = {doi},
	OPTeprint = {eprint},
	OPTeprintclass = {eprintclass},
	OPTeprinttype = {eprinttype},
	OPTurl = {url},
	OPTurldate = {urldate},
}
